@article{brito2008sinaes,
	title={O SINAES e o ENADE: da concep{\c{c}}{\~a}o {\`a} implanta{\c{c}}{\~a}o},
	author={Brito, M{\'a}rcia Regina F de and others},
	journal={Avalia{\c{c}}{\~a}o: Revista da Avalia{\c{c}}{\~a}o da Educa{\c{c}}{\~a}o Superior},
	year={2008},
	month={November},
	volume = {13},
	number = {3},
	pages={841-850},
	publisher={Universidade de Sorocaba}
}

@article{verhine2006provao,
	journal={Ensaio: Avalia{\c{c}}{\~a}o e Pol{\`i}ticas P{\`u}blicas na Educa{\c{c}}{\~a}o },
	title={Do Prov{\~a}o ao ENADE: uma an{\'a}lise comparativa dos exames nacionais utilizados no Ensino Superior Brasileiro},
	author={Verhine, Robert Evan and Dantas, Lys Maria Vinhaes and Soares, Jos{\'e} Francisco},
	year={2006},
	volume={14},
	number={52},
	pages={291-310},
	publisher={SciELO Brasil}
}

@inproceedings{vista2017tecnicas,
	title={T{\'e}cnicas de minera{\c{c}}{\~a}o de dados aplicadas aos microdados do ENADE para avaliar o desempenho dos acad{\^e}micos do curso de Ciencia da Computa{\c{c}}{\~a}o no Rio Grande do Sul utilizando o software R},
	author={Vista, Nicolas Pastorio Boa and Figueir{\'o}, Michele Ferraz and Chicon, Patricia Mariotto Mozzaquatro},
	booktitle ={Anais do I Semin{\'a}rio de Pesquisa Cient{\'\i}fica e Tecnol{\'o}gica},
	year={2017}
}

@article{viggiano2013desempenho,
	title={O desempenho de estudantes no Enem 2010 em diferentes regi{\~o}es brasileiras},
	author={Viggiano, Esdras and Mattos, Cristiano},
	journal={Revista Brasileira de Estudos Pedag{\'o}gicos},
	volume={94},
	number={237},
	year={2013}
}

@misc{ibgepib,
	author ={Instituto Brasileiro de Geografia e Estat{\'i}stica},
	title = {IBGE | Ag{\^e}ncia de Not{\`i}cias | Contas Regionais 2015: queda no PIB atinge todas as unidades da federa{\c{c}}{\~a}o pela primeira vez na s{\'e}rie},
	year = {2017},
	url={https://agenciadenoticias.ibge.gov.br/agencia-sala-de-imprensa/2013-agencia-de-noticias/releases/17999-contas-regionais-2015-queda-no-pib-atinge-todas-as-unidades-da-federacao-pela-primeira-vez-na-serie.html},
	note = "[Online; accessed 3-July-2018]"
}

@misc{enadedados,
	author ={Instituto Nacional de Estudos e Pesquisas Educacionais An{\'i}sio Teixeira},
	title = {Microdados - INEP},
	year = {2018},
	url={http://portal.inep.gov.br/microdados},
	note = "[Online; accessed 3-July-2018]"
}